% Bibliography for distributed systems paper

@BOOK{Silberschatz,
	AUTHOR = "Abraham Silberschatz and Peter B. Galvin",
	TITLE = "Operating System Concepts",
	PUBLISHER = {Addison-Wesley},
	ADDRESS = {Reading, MA},
	YEAR = 1994}

@BOOK{Tanenbaum,
	AUTHOR = "Andrew S. Tanenbaum ",
	TITLE = "Distributed Operating Systems",
	PUBLISHER = {Prentice Hall},
	ADDRESS = {Englewood Cliffs, NJ},
	YEAR = 1995}

@BOOK{Mullender,
	EDITOR = "Sape Mullender",
	TITLE = "Distributed Systems",
	PUBLISHER = {Addison-Wesley},
	ADDRESS = {Wokingham, England},
	YEAR = 1993}

@BOOK{Coulouris,
	AUTHOR = "George Coulouris and Jean Dolimore and Tim Kindberg",
	TITLE = "Distributed Systems: Concepts and Design",
	PUBLISHER = {Addison-Wesley},
	ADDRESS = {Wokingham, England},
	YEAR = 1994}

@BOOK{Bach,
	AUTHOR = "Maurice J. Bach",
	TITLE = "The Design of the UNIX Operating System",
	PUBLISHER = {Prentice Hall},
	ADDRESS = {Englewood Cliffs, NJ},
	YEAR = 1986}

@BOOK{Nutt,
	AUTHOR = "Gary J. Nutt",
	TITLE = "Centralized and Distributed Operating Systems",
	PUBLISHER = {Prentice Hall},
	ADDRESS = {Englewood Cliffs, NJ},
	YEAR = 1992}

@BOOK{Karshmer,
	AUTHOR = "A. Karshmer and J.Nehmer",
	TITLE = "Operating Systems of the 90s and Beyond",
	PUBLISHER = {Springer-Verlag},
	ADDRESS = {Berlin},
	YEAR = 1991}

@BOOK{Stallings,
	AUTHOR = "William Stallings",
	TITLE = "Network and Internetwork Security",
	PUBLISHER = {Prentice Hall},
	ADDRESS = {Englewood Cliffs, NJ},
	YEAR = 1995}

@ARTICLE{kali,
    title = "Higher-Order Distributed Objects",
    author = {H. Cejtin and S. Jagannathan and R. Kelsey},
    journal = "ACM Transactions on Programming Languages and Systems",
    month = "September",
    year =  "1995"}
